<?xml version="1.0" encoding="UTF-8"?><collection xmlns="http://www.loc.gov/MARC21/slim"><record><leader>00426nam--2200133-i-4500</leader><controlfield tag="001">000046295</controlfield><controlfield tag="002">20161230</controlfield><controlfield tag="005">20161230201045</controlfield><controlfield tag="008">060222s1000------------r-----000-0-eng-d</controlfield><datafield ind1=" " ind2=" " tag="080"><subfield code="a">537.633.2(043)</subfield></datafield><datafield ind1=" " ind2=" " tag="100"><subfield code="a">Velly,Jean Paul</subfield></datafield><datafield ind1=" " ind2=" " tag="245"><subfield code="a">Contrib.a l`etude de l`effet hall en milieu liquide (mercure,gallium et electrolytes) par la methodes de carbino. these</subfield></datafield><datafield ind1=" " ind2=" " tag="260"><subfield code="a">Bretagne Occidentale, Univ.,1971. 127 P</subfield></datafield><datafield ind1=" " ind2=" " tag="852"><subfield code="a">77779</subfield></datafield></record></collection>